@misc{b-mc2/sql-create-context,
  howpublished = {HuggingFace},
  author       = {b-mc2},
  title        = {sql-create-context},
  year         = {2022},
  url          = {https://huggingface.co/datasets/b-mc2/sql-create-context}
}

@misc{Clinton/Text-to-sql-v1,
  howpublished = {HuggingFace},
  author       = {Clinton},
  title        = {Text-to-sql-v1},
  year         = {2023},
  url          = {https://huggingface.co/datasets/Clinton/Text-to-sql-v1}
}